@article{DBLP:journals/corr/DavisVFFM16,
	author    = {Clayton A. Davis and
	Onur Varol and
	Emilio Ferrara and
	Alessandro Flammini and
	Filippo Menczer},
	title     = {BotOrNot: {A} System to Evaluate Social Bots},
	journal   = {CoRR},
	volume    = {abs/1602.00975},
	year      = {2016},
	url       = {http://arxiv.org/abs/1602.00975},
	archivePrefix = {arXiv},
	eprint    = {1602.00975},
	timestamp = {Wed, 07 Jun 2017 14:40:40 +0200},
	biburl    = {https://dblp.org/rec/bib/journals/corr/DavisVFFM16},
	bibsource = {dblp computer science bibliography, https://dblp.org}
}

@article{swaine_2018, title={Twitter admits far more Russian bots posted on election than it had disclosed},
	url={https://www.theguardian.com/technology/2018/jan/19/twitter-admits-far-more-russian-bots-posted-on-election-than-it-had-disclosed}, 
	journal={The Guardian}, 
	author={Swaine, Jon}, 
	year={2018}, 
	month={Jan}}